@ARTICLE{Kennedy:2010,
	author = {Kennedy, James},
	title = {Particle swarm optimization},
	journal = {Encyclopedia of Machine Learning},
	year = {2010},
	pages = {760-766},
	publisher = {Springer}
}

@article{Clerc2002,
	doi = {10.1109/4235.985692},
	url = {http://dx.doi.org/10.1109/4235.985692},
	year  = {2002},
	publisher = {Institute of Electrical {\&} Electronics Engineers ({IEEE})},
	volume = {6},
	number = {1},
	pages = {58--73},
	author = {M. Clerc and J. Kennedy},
	title = {The particle swarm - explosion,  stability,  and convergence in a multidimensional complex space},
	journal = {{IEEE} Transactions on Evolutionary Computation}
}


@article{Nelder1965,
	doi = {10.1093/comjnl/7.4.308},
	url = {http://dx.doi.org/10.1093/comjnl/7.4.308},
	year  = {1965},
	month = {jan},
	publisher = {Oxford University Press ({OUP})},
	volume = {7},
	number = {4},
	pages = {308--313},
	author = {J. A. Nelder and R. Mead},
	title = {A Simplex Method for Function Minimization},
	journal = {The Computer Journal}
}

@article{Hansen2001,
	doi = {10.1162/106365601750190398},
	url = {http://dx.doi.org/10.1162/106365601750190398},
	year  = {2001},
	month = {jun},
	publisher = {{MIT} Press - Journals},
	volume = {9},
	number = {2},
	pages = {159--195},
	author = {Nikolaus Hansen and Andreas Ostermeier},
	title = {Completely Derandomized Self-Adaptation in Evolution Strategies},
	journal = {Evolutionary Computation}
}

@misc{ wiki:xxx,
 	author = "Wikipedia",
 	title = "CMA-ES --- Wikipedia{,} The Free Encyclopedia",
 	year = "2014",
 	url = "http://en.wikipedia.org/w/index.php?title=CMA-ES&oldid=639946420",
 	note = "[Online; accessed 13-April-2015]"
}


@misc{ yahoo,
	author = "Yahoo! Finance",
	title = "Yahoo Finance - Business Finance, Stock Market, Quotes, News",
	year = "2015",
	url = "https://finance.yahoo.com/",
	note = "[Online; accessed 13-April-2015]"
}

@misc{ invest,
	author = "Investpedia",
	title = "O que Ã© desdobramento (split) e grupamento (inplit)?",
	year = "2009",
	url = "http://www.investpedia.com.br/artigo/O+que+e+desdobramento+split+e+grupamento+inplit.aspx",
	note = "[Online; accessed 13-April-2015]"
}


@misc{ hyndman,
	author = "Rob Hyndman",
	title = "Why every statistician should know about cross-validation",
	year = "2010",
	url = "http://robjhyndman.com/hyndsight/crossvalidation/",
	note = "[Online; accessed 13-April-2015]"
}


@book{mptbook,
	author    = "Edwin J. Elton and Martin J. Gruber and Stephen J. Brown and William N. Goetzmann",
	title     = "Modern Portfolio Theory and Investment Analysis",
	publisher = "Wiley",
	edition  = "seventh",
	year      = "2007"
}

@article{GuangBinHuang2012,
	doi = {10.1109/tsmcb.2011.2168604},
	url = {http://dx.doi.org/10.1109/TSMCB.2011.2168604},
	year  = {2012},
	month = {apr},
	publisher = {Institute of Electrical {\&} Electronics Engineers ({IEEE})},
	volume = {42},
	number = {2},
	pages = {513--529},
	author = {Guang-Bin Huang and  Hongming Zhou and  Xiaojian Ding and  Rui Zhang},
	title = {Extreme Learning Machine for Regression and Multiclass Classification},
	journal = {{IEEE} Transactions on Systems,  Man,  and Cybernetics,  Part B (Cybernetics)}
}

@article{drucker1997support,
	title={Support vector regression machines},
	author={Drucker, Harris and Burges, Chris JC and Kaufman, Linda and Smola, Alex and Vapnik, Vladimir and others},
	journal={Advances in neural information processing systems},
	volume={9},
	pages={155--161},
	year={1997},
	publisher={Morgan Kaufmann Publishers}
}